@article{doi:10.1137/16M1058467,
  author = {M. A. Iwen and B. W. Ong},
  title = {A Distributed and Incremental SVD Algorithm for Agglomerative Data Analysis on Large Networks},
  journal = {SIAM Journal on Matrix Analysis and Applications},
  volume = {37},
  number = {4},
  pages = {1699-1718},
  year = {2016},
  doi = {10.1137/16M1058467},
  URL = { http://dx.doi.org/10.1137/16M1058467 },
  eprint = { http://dx.doi.org/10.1137/16M1058467 }
}

@phdthesis{thesis:radim,
  title={Scalability of Semantic Analysis in Natural Language Processing},
  author={\v{R}eh\r{u}\v{r}ek W.},
  year={2011},
  school={Masaryk University}
}

@article{allard2011multiscale,
	Author = {Allard, W.~K. and Chen, G. and Maggioni, M.},
	Doi = {10.1016/j.acha.2011.08.001},
	Fjournal = {Applied and Computational Harmonic
                  Analysis. Time-Frequency and Time-Scale Analysis,
                  Wavelets, Numerical Algorithms, and Applications},
	Issn = {1063-5203},
	Journal = {Appl. Comput. Harmon. Anal.},
	Mrclass = {42C40 (65T60 94A20)},
	Mrnumber = {2892743},
	Number = {3},
	Pages = {435--462},
	Title = {Multi-scale geometric methods for data sets {II}:
                  {G}eometric multi-resolution analysis},
	Url = {http://dx.doi.org/10.1016/j.acha.2011.08.001},
	Volume = {32},
	Year = {2012},
	Bdsk-Url-1 = {http://dx.doi.org/10.1016/j.acha.2011.08.001}}